%!TEX root = tcc-poster.tex

@online{wiki:fs-timeline,
    author = {Wikipedia},
    title = {Timeline of file sharing --- Wikipedia{,} The Free Encyclopedia},
    year = {2013},
    url = {http://en.wikipedia.org/w/index.php?title=Timeline_of_file_sharing&oldid=571061187},
    note = {[Online; acessado em 28 de setembro de 2013]}
}

@report{report:internet-usage-2013,
    author = {Sandvine Inc.},
    title = {Global Internet Phenomena Report --- 1H 2013},
    year = {2013},
    url =
    {https://www.sandvine.com/downloads/general/global-internet-phenomena/2013/sandvine-global-internet-phenomena-report-1h-2013.pdf},
    note = {Online; retirado de
    \url{http://macaubas.com/wp-content/uploads/2013/05/Sandvine_Global_Internet_Phenomena_Report_1H_2013.pdf}}
}

@online{site:twitter-torrent-power,
    author = {Ernesto},
    title = {BitTorrent Makes Twitter’s Server Deployment 75x Faster},
    journal = {TorrentFreak},
    day = {16},
    month = {7},
    year = {2013},
    url = {http://torrentfreak.com/bittorrent-makes-twitters-server-deployment-75-faster-100716/}
}

@online{site:facebook-torrent,
    author = {Ernesto},
    title = {Facebook Uses BitTorrent, and They Love It},
    journal = {TorrentFreak},
    day = {25},
    month = {6},
    year = {2013},
    url = {http://torrentfreak.com/facebook-uses-bittorrent-and-they-love-it-100625/}
}

@misc{wikitheory:bencoding,
    author = {Theory.org Wiki},
    title = {BitTorrentSpecification --- Theory.org Wiki{,}},
    year = {2013},
    url = {https://wiki.theory.org/index.php?title=BitTorrentSpecification&oldid=2527#Bencoding},
    note = {[Online; accessed 17-October-2013]}
}

@inproceedings{conf:swarming,
    author ={M. Lehmann and R. B. Mansilha and M. P. Barcellos and F. R. Santos},
    title ={Swarming: como BitTorrent revolucionou a Internet},
    chapter ={6},
    booktitle ={Atualizações em Informática},
    editor ={PUC-Rio},
    volume ={1},
    pages ={209--258},
    address ={Rio de Janeiro},
    year ={2011},
    url ={\url{http://www.lbd.dcc.ufmg.br/colecoes/jai/2012/006.pdf}},
    note ={[Online; accessed 23-outubro-2013]}
}
